[gd_scene load_steps=11 format=2]

[ext_resource path="res://Textures/drawers_front.png" type="Texture" id=1]
[ext_resource path="res://Textures/drawers_side.png" type="Texture" id=2]
[ext_resource path="res://Textures/drawers_top.png" type="Texture" id=3]

[sub_resource type="SpatialMaterial" id=1]
flags_unshaded = true
albedo_texture = ExtResource( 1 )

[sub_resource type="QuadMesh" id=2]
material = SubResource( 1 )
size = Vector2( 2, 2 )

[sub_resource type="SpatialMaterial" id=3]
flags_unshaded = true
albedo_texture = ExtResource( 2 )

[sub_resource type="QuadMesh" id=4]
material = SubResource( 3 )
size = Vector2( 2, 2 )

[sub_resource type="SpatialMaterial" id=5]
flags_unshaded = true
albedo_texture = ExtResource( 3 )

[sub_resource type="QuadMesh" id=6]
material = SubResource( 5 )
size = Vector2( 2, 2 )

[sub_resource type="BoxShape" id=7]

[node name="Drawers" type="Spatial"]

[node name="Front" type="MeshInstance" parent="."]
transform = Transform( 1, 0, 0, 0, 1, 0, 0, 0, 1, 0, 0, 1 )
mesh = SubResource( 2 )
material/0 = null

[node name="Side" type="MeshInstance" parent="."]
transform = Transform( -4.37114e-008, 0, -1, 0, 1, 0, 1, 0, -4.37114e-008, -1, 0, 0 )
mesh = SubResource( 4 )
material/0 = null

[node name="Top" type="MeshInstance" parent="."]
transform = Transform( 1, 0, 0, 0, -4.37114e-008, 1, 0, -1, -4.37114e-008, 0, 1, 0 )
mesh = SubResource( 6 )
material/0 = null

[node name="StaticBody" type="StaticBody" parent="."]

[node name="CollisionShape" type="CollisionShape" parent="StaticBody"]
shape = SubResource( 7 )

