[gd_scene load_steps=12 format=2]

[ext_resource path="res://Scripts/John.gd" type="Script" id=1]
[ext_resource path="res://Textures/john/4.png" type="Texture" id=2]
[ext_resource path="res://Textures/john/1.png" type="Texture" id=3]
[ext_resource path="res://Textures/john/5.png" type="Texture" id=4]
[ext_resource path="res://Textures/john/6.png" type="Texture" id=5]
[ext_resource path="res://Textures/john/2.png" type="Texture" id=6]
[ext_resource path="res://Textures/john/3.png" type="Texture" id=7]
[ext_resource path="res://Scripts/Billboard.gd" type="Script" id=8]

[sub_resource type="SpriteFrames" id=1]
animations = [ {
"frames": [ ExtResource( 2 ) ],
"loop": true,
"name": "idle_up",
"speed": 5.0
}, {
"frames": [ ExtResource( 3 ) ],
"loop": true,
"name": "idle_down",
"speed": 5.0
}, {
"frames": [ ExtResource( 2 ), ExtResource( 4 ), ExtResource( 2 ), ExtResource( 5 ) ],
"loop": true,
"name": "walk_up",
"speed": 5.0
}, {
"frames": [ ExtResource( 3 ), ExtResource( 6 ), ExtResource( 3 ), ExtResource( 7 ) ],
"loop": true,
"name": "walk_down",
"speed": 5.0
} ]

[sub_resource type="CapsuleShape" id=2]
radius = 0.8
height = 1.2

[sub_resource type="SphereShape" id=3]
radius = 3.0

[node name="John" type="KinematicBody"]
script = ExtResource( 1 )
radius = 1.0

[node name="AnimatedSprite3D" type="AnimatedSprite3D" parent="."]
frames = SubResource( 1 )
animation = "idle_down"
playing = true
script = ExtResource( 8 )

[node name="CollisionShape" type="CollisionShape" parent="."]
transform = Transform( 1, 0, 0, 0, -4.37114e-008, -1, 0, 1, -4.37114e-008, 0, 0, 0 )
shape = SubResource( 2 )

[node name="Area" type="Area" parent="."]

[node name="CollisionShape" type="CollisionShape" parent="Area"]
shape = SubResource( 3 )

